%Bibliografía

%------------------------------------Capítulo 1------------------------------------%
@Misc{CU1,
  Author    =     {Innovación Internaútica},
  Title     =     {Importancia de las noticias},
  Note      =     {\url{https://innovainternetmx.com/2014/12/importancia-de-las-noticias/}},
  year      =     {2018},
}

@article{CU2,
  Title     =     {Introduction to information retrieval},
  Author    =     {Manning, Christopher and Raghavan, Prabhakar and Sch{\"u}tze, Hinrich},
  Journal   =     {Natural Language Engineering},
  volume    =     {16},
  number    =     {1},
  pages     =     {100--103},
  year      =     {2010},
 Publisher  =     {Cambridge university press}
}

@Misc{CU3,
  Author    =     {El Economista},
  Title     =     {Ranking de medios nativos digitales},
  Note      =     {\url{https://www.eleconomista.com.mx/Ranking-de-Medios-Nativos-Digitales}},
  year      =     {2019}
}

%------------------------------------Capítulo 2------------------------------------%

@book{CD1,
  title     =     {Machine Learning For Text},
  author    =     {Charu C. Aggarwal},
  year      =     {2018},
  Publisher =     {Springer},
  chapter   =     {1},
  edition   =     {primera}

}

@BOOKLET{CD2,
  title     =     {Clasificación de noticias de diarios de circulación nacional mediante aprendizaje automático},
  author    =     { García, Jose  and Ramírez, Luis  and Sánchez, Miguel },
  year      =     {2018},
  note      =     { Trabajo Terminal de ESCOM con número 2017-A04 (CDMX)}
}



@inproceedings{CD3, 
author={G. {Farias} and S. {Vergara} and E. {Fabregas} and G. {Hermosilla} and S. {Dormido-Canto} and S. {Dormido}}, 
booktitle={2018 IEEE International Conference on Automation/XXIII Congress of the Chilean Association of Automatic Control (ICA-ACCA)}, 
title={Clasificador de Noticias usando Autoencoders}, 
year={2018}, 
pages={1-6},
doi={10.1109/ICA-ACCA.2018.8609711}, 
month={Oct},
publisher={IEEE}
}

@inproceedings{CD4,
author      =     {D. Ramdass and S. Seshasai},
year        =     {2009},
month       =     {10},
pages       =     {1--11},
title       =     {Document classification for newspaper articles},
publisher   =     {Semantic scholar},
note        =     {\url{https://pdfs.semanticscholar.org/aa96/9114cf6e4d77c5bb3dd62a20bee3446f33ab.pdf}}
}

@inproceedings{CD5, 
author={D. B. {Bracewell} and F. {Ren} and S. {Kuriowa}},  
title={Multilingual single document keyword extraction for information retrieval}, 
year={2005}, 
pages={517-522}, 
doi={10.1109/NLPKE.2005.1598792}, 
month={Oct},
booktitle = {IEEE International Conference on Natural Language
Processingand Knowledge Engineering, Wuhan, China}
}


@article{CD6,
author = {B. Bracewell, David and Yan, Jiajun and Ren, Fuji and Kuroiwa, Shingo},
year = {2009},
month = {01},
pages = {51-65},
title = {Category Classification and Topic Discovery of Japanese and English News Articles},
volume = {225},
journal = {Electr. Notes Theor. Comput. Sci.},
doi = {10.1016/j.entcs.2008.12.066}
}

@inproceedings{CD7,
 author = {Asy'arie, Arni Darliani and Pribadi, Adi Wahyu},
 title = {Automatic News Articles Classification in Indonesian Language by Using Naive Bayes Classifier Method},
 booktitle = {Proceedings of the 11th International Conference on Information Integration and Web-based Applications \&Amp; Services},
 year = {2009},
 isbn = {978-1-60558-660-1},
 location = {Kuala Lumpur, Malaysia},
 pages = {658--662},
 numpages = {5},
 url = {http://doi.acm.org/10.1145/1806338.1806463},
 doi = {10.1145/1806338.1806463},
 acmid = {1806463},
 publisher = {ACM},
 address = {New York, NY, USA},
 keywords = {Na\"{\i}ve Bayes Classifier, article, document classification, learning documents men pembelajaran, stemming},
} 

@article{CD8,
author      =     {Wongso, Rini and Ariandy Luwinda, Ferdinand and Christian Trisnajaya, Brandon and Rusli, Olivia and , Rudy},
year        =     {2017},
month       =     {12},
pages       =     {137-143},
title       =     {News Article Text Classification in Indonesian Language},
volume      =     {116},
journal     =     {Procedia Computer Science},
doi         =     {10.1016/j.procs.2017.10.039}
}

@inproceedings{CD9,
author      =     {Téllez-Valero, Alberto and Montes, Manuel and Fuentes, Olac and Villaseñor-Pineda, Luis},
year        =     {2019},
month       =     {05},
pages       =     {},
title       =     {Clasificación Automática de Textos de Desastres Naturales en México},
booktitle  =     {Instituto Nacional de Astrofísica, Óptica y Electrónica (INAOE)}
}

@article{CD11,
author      =     {Téllez Valero, Alberto and Montes, Manuel and Villaseñor-Pineda, Luis},
year        =     {2009},
month       =     {09},
pages       =     {33-44},
title       =     {Usando Aprendizaje Automático para Extraer Información de Noticias de Desastres Naturales},
volume      =     {13},
journal     =     {Computación y Sistemas}
}

@Misc{CD12,
author      =     {Google},
year        =     {2019},
title       =     {Google cloud},
note        =     {\url{https://cloud.google.com/natural-language/?hl=Es-419}},
note        =     {Sito en linea}
}

@Misc{CD13,
author      =     {Google},
year        =     {2018},
title       =     {Googlebot},
Note        =     {\url{https://www.humanlevel.com/diccionario-marketing-online/googlebot}},
note        =     {Sito en linea}
}

@Misc{CD14,
author      =      {IBM},
year        =      {2017},
title       =      {Reconocimiento del lenguaje},
note        =      {\url{https://www.ibm.com/blogs/think/es-es/2017/05/16/watson-nlc-en-hogwarts/}},
note        =      {Sito en linea}
}

%------------------------------------Capítulo 3------------------------------------%

@book{CT1,
  title={Inteligencia artificial e ingeniería del conocimiento},
  author={Pajares, G and Santos, M},
  publisher={Alfaomega},
  year={2006},
  isbn={84-7897-676-0},
  pages={6--7}
}

@inproceedings{CT19,
 author = {Bellman, R},
 title = {An introduction to artificial intelligence: Can computers think?},
 year = {1978},
 isbn = {0-87835-066-7},
 publisher = {Boyd \& Fraser},
 address = {San Francisco},
 pages={1--2}
} 


@inproceedings{CT20,
 author = {Russell, Stuart and Norvig, Peter},
 title = {Artificial Intelligence: A Modern Approach},
 year = {2009},
 isbn = {0136042597, 9780136042594},
 edition = {3rd},
 publisher = {Prentice Hall Press},
 address = {Upper Saddle River, NJ, USA},
 pages={28--29}
} 


@book{CT21,
 author = {Marsland, Stephen},
 title = {Machine Learning: An Algorithmic Perspective, Second Edition},
 year = {2014},
 isbn = {978-1-4987-5978-6},
 edition = {2nd},
 publisher = {Chapman \& Hall/CRC},
} 

@book{CT22,
  title={Real-World Machine Learning},
  author={Henrik Brink Joseph W. Richards Mark Fetherolf},
  pages={71--78},
  year={2016},
  publisher={Manning Publications}
}

@book{CT2,
  title     =     {Machine learning for dummies},
  author    =     {Mueller, John Paul and Massaron, Luca},
  year      =     {2016},
  publisher =     {John Wiley \& Sons},
  address   =     {111 River St}
}

@Misc{CT3,
  Author    =     "{SAS}",
  Title     =     {Aprendizaje Automático},
  Note      =     {\url{https://www.sas.com/es\_mx/insights/analytics/machine-learning.html}},
  year      =     {2019}
}

@Misc{CT4,
  Author  =     "{CleverData}",
  Title   =     {Conceptos básicos de Machine Learning},
  Note    =      {\url{https://cleverdata.io/conceptos-basicos-machine-learning/}},
  year    =     {2019}
}

@Misc{CT5,
  Author  =     {Cleverfit},
  Title   =     {Linear regression},
  Note    =     {\url{http://www.curvefit.com/linear\_regression.htm}},
  year    =     {2016}
}

@article{CT6,
  title   =     {La regresión logística . Una aplicación a la demanda de estudios universitarios},
  author  =     {Manuel Salas Velasco},
  volume  =     {1},
  pages   =     {10},
  year    =     {2002},
  publisher=    {Universidad Nacional Mayor de San Marcos}
}


@inproceedings{CT7,
  title={A comparison of event models for naive bayes text classification},
  author={McCallum, Andrew and Nigam, Kamal and others},
  booktitle={AAAI-98 workshop on learning for text categorization},
  volume={752},
  number={1},
  pages={41--48},
  year={1998},
  organization={Citeseer}
}

@article{CT8,
  title={Tutorial sobre m{\'a}quinas de vectores soporte (sVM)},
  author={Su{\'a}rez, Enrique J Carmona},
  journal={Tutorial sobre M{\'a}quinas de Vectores Soporte (SVM)},
  year={2014}
}

@book{CT9,
  title   =     "{Machine learning}",
  author  =     {Leo Breiman},
  year    =     {2001},
  publisher=    {Kluwer Academic Publishers}
}


@inproceedings{CT24,
  title={Una revisi{\'o}n de los m{\'e}todos de agregaci{\'o}n de clasificadores},
  author={Alfaro, Esteban and Mart{\'\i}nez, Mat{\'\i}as G{\'a}mez and Rubio, Noelia Garc{\'\i}a},
  booktitle={Anales de econom{\'\i}a aplicada 2003},
  pages={161},
  year={2003},
  organization={Asociaci{\'o}n Espa{\~n}ola de Econom{\'\i}a Aplicada, ASEPELT}
}

@Misc{CT10,
  Author  =     {Juan Zambrano},
  Title   =     {Machine Learning},
  Note    =     {\url{https://medium.com/@juanzambrano/aprendizaje-supervisado-o-no-supervisado-39ccf1fd6e7b}},
  year    =     {2018}
}

@Misc{CT11,
  Author  =     {SAS},
  Title   =     "{Procesamiento del lenguaje natural}",
  Note    =     {\url{https://www.sas.com/es\_mx/insights/analytics/what-is-natural-language-processing-nlp.html}},
  year    =     {2019}
}

@MANUAL{CT12,
  title   =     {Técnicas avanzadas de  recuperación de información},
  author  =     {Blázquez, M},
  volume  =     {1},
  month = {mayo},
  pages   =     {4},
  year    =     {2013},
  publisher=    {mblazquez},
  isbn = {978-84-695-8030-1},
  address={Madrid},
  organization={mblazquez},
  edition={1aed}
}




@article{CT13,
  title={La lematizaci{\'o}n en espa{\~n}ol: una aplicaci{\'o}n para la recuperaci{\'o}n de informaci{\'o}n (R. G{\'o}mez D{\'\i}az)},
  author={Yunta, Luis Rodr{\'\i}guez},
  journal={Revista espa{\~n}ola de Documentaci{\'o}n Cient{\'\i}fica},
  volume={29},
  number={1},
  pages={175--176},
  year={2006}
}

@Misc{CT14,
  author  =     {C. Olston and M. Najork},
  title   =     {Web Crawling},
  year    =     {2010},
  Note    =     {\url{http://infolab.stanford.edu/~olston/publications/crawling\_survey.pdf}}
}

@Misc{CT15,
  title   =     {Website},
  author  =     {Techopedia},
  year    =     {2018},
  Note    =     {\url{https://www.techopedia.com/definition/5411/website}}
}

% Comunidad de Madrid, www.emprendelo.es, "¿Qué es una página web?".\\
@Misc{CT16,
  title    =     {Qué es una página web},
  author   =     {Guía Emprendedor},
  year     =     {2019},
  Note     =     {\url{http://www.madrid.org/cs/StaticFiles/Emprendedores/GuiaEmprendedor/tema7/F49\_7.9\_WEB.pdf}}
}      

&[13] E. Bruguera Payá. Universitat Oberta de Catalunya, "¿Qué es un blog?"\\
@Misc{CT17,
  author   =    {Enric Bruguera},
  title    =    {Qué es un blog},
  year     =     {2019},
  Note     =    {\url{http://openaccess.uoc.edu/webapps/o2/bitstream/10609/17821/5/XX0893006\_01331-3.pdf }},
  note     = {Sitio 	en linea}
}
%Padró, L. and Stanilovsky, E. (2012). FreeLing 3.0: Towards Wider Multilinguality. In Proceedings of the Language Resources and Evaluation Conference, Istanbul, Turkey. ELRA
%inproceedings{CT18,
%  title   =     {FreeLing 3.0: Towards Wider Multilinguality},
%  booketile=    {Language Resources and Evaluation Conference},
%  author  =     {Lluís Padró and Evgeny Stanilovsky},
%  year    =     {2012},
%  publisher = "European Language Resources Association (ELRA)",
%  pages = "2473--2479"
%}

@article{CT23,
  title={Confusion Matrix-based Feature Selection.},
  author={Visa, Sofia and Ramsay, Brian and Ralescu, Anca L and Van Der Knaap, Esther},
  journal={MAICS},
  volume={710},
  pages={120--127},
  year={2011}
}



@book{CTValidacionC,
  title={Encyclopedia of Bioinformatics and Computational Biology.},
  author={Daniel Berrar},
  year={2018},
  publisher={Elsevier}
}


@article{CTWebScraping,
author      =     {Eloisa Vargiu and Mirko Urru},
year        =     {2013},
month       =     {6},
pages       =     {1-2},
title       =     {Exploiting web scraping in a collaborative filteringbased approach to web advertising},
volume      =     {2},
journal     =     {Artificial Intelligence Research},
doi         =     {10.5430/air.v2n1p44}
}

@book{CTPython,
  title={Python for data analysis: Data wrangling with Pandas, NumPy, and IPython},
  author={McKinney, Wes},
  year={2012},
  publisher={" O'Reilly Media, Inc."},
  adress = {Birmingham B3 2PB, UK}
}

@book{CTScrapy,
  title={Learning Scrapy},
  author={Kouzis-Loukas, Dimitrios},
  year={2016},
  publisher={Packt Publishing Ltd},
  chapter   =     {1},
  edition   =     {primera},
  adress = {Birmingham B3 2PB, UK}
}


@book{CTHTML,
  title={Automated data collection with R: A practical guide to web scraping and text mining},
  author={Munzert, Simon and Rubba, Christian and Meissner, Peter and Nyhuis, Dominic},
  year={2014},
  month = {1},
  chapter = {2},
  publisher={John Wiley \& Sons}
}



@book{CTTechniques,
  title={Automated data collection with R: A practical guide to web scraping and text mining},
  author={Munzert, Simon and Rubba, Christian and Mei{\ss}ner, Peter and Nyhuis, Dominic},
  year={2014},
  month = {1},
  publisher={John Wiley \& Sons}
}

@book{CTwww,
  title={The Internet book: everything you need to know about computer networking and how the Internet works},
  author={Comer, Douglas E},
  year={2018},
  publisher={Chapman and Hall/CRC}
}

@book{CTInternet,
  title={HTML \& XHTML: The Definitive Guide: The Definitive Guide},
  author={Musciano, Chuck and Kennedy, Bill},
  year={2002},
  publisher={" O'Reilly Media, Inc."}
}

@book{CTCrawler,
  title={Java: Data Science Made Easy},
  author={ Alexey Grigorev, Jennifer L. Reese and Richard M. Reese},
  year={2017},
  publisher={"Packt Publishing"}
}

@book{CTsW,
  title={HTML5: Your visual blueprint for designing rich web pages and applications},
  author={McDaniel, Adam},
  volume={37},
  year={2011},
  publisher={John Wiley \& Sons}
}

@book{CTpW,
  title={XML con ejemplos},
  author={Marchal, Beno{\^\i}t},
  number={Sirsi) i9789702601630 QA76. 76. H94},
  year={2001},
  publisher={Pearson Educaci{\'o}n}
}

@book{CTBlog,
  title={WordPress 5 Complete - Seventh Edition},
  author={Karol Krol},
  year={2019},
  publisher={Packt Publishing Ltd}
}


@book{CTForum,
  title={Drupal: Creating blogs, forums, portals, and community websites},
  author={Mercer, David},
  year={2006},
  publisher={Packt Publishing Ltd}
}

%------------------------------------Capítulo 5------------------------------------%
@article{CC1,
 title={Scikit-learn: Machine Learning in {P}ython},
 author={Pedregosa, F. and Varoquaux, G. and Gramfort, A. and Michel, V.
         and Thirion, B. and Grisel, O. and Blondel, M. and Prettenhofer, P.
         and Weiss, R. and Dubourg, V. and Vanderplas, J. and Passos, A. and
         Cournapeau, D. and Brucher, M. and Perrot, M. and Duchesnay, E.},
 journal={Journal of Machine Learning Research},
 volume={12},
 pages={2825--2830},
 year={2011}
}
